<?xml version="1.0" encoding="UTF-8"?><collection xmlns="http://www.loc.gov/MARC21/slim"><record><leader>00311nam--2200109-i-4500</leader><controlfield tag="001">000029638</controlfield><controlfield tag="002">20161230</controlfield><controlfield tag="005">20161230201037</controlfield><controlfield tag="008">060222s1000------------r-----000-0-eng-d</controlfield><datafield ind1=" " ind2=" " tag="245"><subfield code="a">Lager-katalog 1959/60.alphabetischer grundkatalog</subfield></datafield><datafield ind1=" " ind2=" " tag="260"><subfield code="a">Leipzig, Leipziger Kommissions Und Grossbuchhandel, 1959</subfield></datafield><datafield ind1=" " ind2=" " tag="852"><subfield code="a">D.1026</subfield></datafield></record></collection>